@online {slf4j,
	title = {The Simple Logging Facade for Java (SLF4J) serves as a simple facade or abstraction for various logging frameworks allowing the end user to plug in the desired logging framework at deployment time},
	urldate = {2015-04-12},
	url = {http://www.slf4j.org/},
}
@online {springboot,
	title = {Spring Boot is a framework to build Spring applications that follow the convention over configuration approach. It consists of several packages supporting most of the popular Java technologies},
	urldate = {2015-10-12},
	url = {http://projects.spring.io/spring-boot/},
}
@book{evans2003domain,
  title={Domain-Driven Design: Tackling Complexity in the Heart of Software},
  author={Evans, E.},
  isbn={9780132181273},
  url={https://books.google.ch/books?id=hHBf4YxMnWMC},
  year={2003},
  publisher={Pearson Education}
}
@book{evans2014domain,
  title={Domain-Driven Design Reference: Definitions and Pattern Summaries},
  author={Evans, E.},
  isbn={9781457501197},
  url={https://books.google.ch/books?id=ccRsBgAAQBAJ},
  year={2014},
  publisher={Dog Ear Publishing}
}
@book{rozanski2011software,
	title={Software Systems Architecture: Working with Stakeholders Using Viewpoints and Perspectives},
	author={Rozanski, N. and Woods, E.},
	isbn={9780132906128},
	url={https://books.google.ch/books?id=nXRF77-gxRkC},
	year={2011},
	publisher={Pearson Education}
}

@online{risk,
	author = {Arnuphaptrairong, Tharwon},
	title = {Top Ten Lists of Software Project Risks},
	date = {2011-03},
	url = {http://www.uio.no/studier/emner/matnat/ifi/INF5181/h14/pensumliste/microsoft-word---iaeng-top-ten-lists-of-software-project-risk1---imecs2011_pp732-737.pdf},
	language = {English},
	urldate = {2015-03-09},
}
@online {eclipsemars,
	title = {Eclipse Mars},
	subtitle = {An integrated development environment for Java},
	urldate = {2015-10-19},
	url = {https://www.eclipse.org/mars/},
}
@online {docker,
	title = {Docker},
	subtitle = {Docker is an open platform for building, shipping and running distributed applications},
	urldate = {2015-10-19},
	url = {https://www.docker.com/},
}
@online {dockercompose,
	title = {Docker Compose},
	subtitle = {Docker Compose is a tool to define and run multi-container applications},
	urldate = {2015-11-19},
	url = {https://docs.docker.com/compose/},
}
@online {fourPlusOne,
	author = {Philippe Kruchten},
	title = {The “4+1” View	Model of Software Architecture},
	urldate = {2015-10-22},
	url = {http://www.cs.ubc.ca/~gregor/teaching/papers/4+1view-architecture.pdf},
}
@online {serviceDefinitionDahan,
	author = {Udi Dahan},
	title = {The known unknowns of SOA},
	urldate = {2015-10-22},
	url = {http://udidahan.com/2010/11/15/the-known-unknowns-of-soa/},
}
@online {fowlerIoC,
	author = {Martin Fowler},
	title = {Service Definition by Martin Fowler in his article about Inversion fo Control},
	urldate = {2015-10-22},
	url = {http://www.martinfowler.com/articles/injection.html},
}
@online {fowlerMicroservice,
	author = {Martin Fowler},
	title = {Microservices},
	urldate = {2015-10-22},
	url = {http://martinfowler.com/articles/microservices.html},
}
@online {SRP,
	author = {Robert Martin},
	title = {Single Responsibility Principle},
	urldate = {2015-10-22},
	url = {https://blog.8thlight.com/uncle-bob/2014/05/08/SingleReponsibilityPrinciple.html},
}
@online {parnaDecomposing,
	author = {David L. Parnas},
	title = {On the Criteria To Be Used in Decomposing Systems into Modules},
	urldate = {2015-10-22},
	url = {https://www.cs.umd.edu/class/spring2003/cmsc838p/Design/criteria.pdf},
}
@online {highCohesion,
	title = {High Cohesion},
	urldate = {2015-10-23},
	url = {https://en.wikipedia.org/wiki/Cohesion_(computer_science)},
}
@online {looseCoupling,
	title = {Loose Coupling},
	urldate = {2015-10-23},
	url = {https://en.wikipedia.org/wiki/Loose_coupling},
}
@online {structuredDesign,
	author = {W.P. Stevens, G.J. Myers, L.L. Constantine},
	title = {Structured Design - IBM Systems Journal},
	urldate = {2015-10-23},
	url = {https://dx.doi.org/10.1147%2Fsj.132.0115},
}
@online {swagger,
	title = {Swagger.io - Swagger is a specification and complete web application framework implementation for describing, producing, consuming, and visualizing RESTful web APIs.},
	urldate = {2015-10-23},
	url = {http://swagger.io/},
}
@online {nanoservice,
	author = {Arnon Rotem-Gal-Oz},
	title = {Services, Microservices, Nanoservices},
	urldate = {2015-10-28},
	url = {http://arnon.me/2014/03/services-microservices-nanoservices/},
}
@online {zioAD,
	author = {Zimmermann, Olaf},
	title = {Architectural Decisions as Reusable Design Assets},
	urldate = {2015-10-28},
	url = {http://www.infoq.com/articles/ieee-arch-decisions},
}
@online{y-template,
	title = {Making Architectural Knowledge Sustainable: The Y-Approach},
	subtitle = {SATURN Conference. Software Engineering Institute CMU},
	urldate = {2015-10-28},
	date = {2012-05-07},
	author = {Zimmermann, Olaf},
	url = {http://resources.sei.cmu.edu/library/asset-view.cfm?assetid=31345},
}
@online{spark,
	title = {Apache Spark},
	subtitle = {Lightning-fast cluster computing},
	urldate = {2015-09-23},
	url = {http://spark.apache.org},
}
@online{gephi,
	title = {Gephi},
	subtitle = {The Open Graph Viz Platform},
	urldate = {2015-09-23},
	url = {http://gephi.github.io},
}
@online{hcs,
	title = {HCS clustering algorithm},
	urldate = {2015-09-23},
	url = {https://en.wikipedia.org/wiki/HCS\_clustering\_algorithm},
}
@online{kmeans,
	title = {k-means clustering},
	urldate = {2015-09-23},
	surl = {https://en.wikipedia.org/wiki/K-means\_clustering},
}
@online{apiacoa,
	title = {Apiacoa},
	subtitle = {Graph clustering and graph visualization},
	urldate = {2015-09-23},
	url = {http://apiacoa.org/research/software/graph/index.en.html},
}
@online{jung,
	title = {Jung},
	subtitle = {Java Universal Network/Graph Framework},
	urldate = {2015-09-23},
	url = {http://jung.sourceforge.net},
}
@online{partitionOfASet,
	title = {Partition of a Set - Wikipedia Article},
	urldate = {2015-10-21},
	url = {https://en.wikipedia.org/wiki/Partition_of_a_set},
}
@online{bootstrap,
	title = {Bootstrap. A front end framework based on HTML, CSS and Java Script},
	urldate = {2015-11-18},
	url = {http://getbootstrap.com/},
}
@online{jhipster,
	title = {JHipster. A framework to implement Java based web applications based on Spring and AngularJS},
	urldate = {2015-11-18},
	url = {http://jhipster.github.io/},
}
@online{angularjs,
	title = {AngularJS. A Java Script MVC framework},
	urldate = {2015-11-18},
	url = {https://angularjs.org/},
}
@online{hibernate,
	title = {Hibernate ORM. Domain model persistence for relational databases},
	urldate = {2015-11-19},
	url = {https://hibernate.org/},
}
@online{liquibase,
	title = {Liquibase. A database-independent library to manage and apply database schema changes using XML files},
	urldate = {2015-11-19},
	url = {http://www.liquibase.org/},
}
@online{postgres,
	title = {PostgreSQL. An open-source object-relational database management system},
	urldate = {2015-11-19},
	url = {http://www.postgresql.org/},
}
@online{conway,
	title = {How Do Committees Invent?},
	urldate = {2015-11-29},
	url = {http://www.melconway.com/Home/Committees_Paper.html}
}
@online{microserviceIntro,
	title = {Microservices: Decomposing Applications for Deployability and Scalability},
	urldate = {2015-11-29},
	url = {http://www.infoq.com/articles/microservices-intro}
}
@online{performance,
	title = {Design Guidelines for Application Performance},
	urldate = {2015-11-29},
	url = {https://msdn.microsoft.com/en-us/library/ff647801.aspx}	
}
@online{consistency,
	title = {Eventually Consistent - Revisited},
	urldate = {2015-11-29},
	url = {http://www.allthingsdistributed.com/2008/12/eventually_consistent.html}
}
@online{udiConsistency,
	title = {InfoQ - Udi Dahan on Defining Service Boundaries},
	urlddate = {2015-11-29},
	url = {http://www.infoq.com/news/2015/02/service-boundaries-healthcare}
}
@online{mutability,
	title = {Finding Service Boundaries – illustrated in healthcare by Udi Dahan (Video: 1:05 - 1:07},
	urldate = {2015-11-29},
	url = {https://vimeo.com/113515335}	
}
@online{estimation,
	title = {Why Progressive Estimation Scale Is So Efficient For Teams},
	urldate = {2015-12-01},
	url = {http://www.yakyma.com/2012/05/why-progressive-estimation-scale-is-so.html}	
}
@phdthesis{markovCluster,
	title = {Graph Clustering by Flow Simulation},
	school = {University of Utrecht},
	author = {Stijn van Dongen},
	year = {2000},
	url = {http://micans.org/mcl/}
}
@article{raghavan,
	archivePrefix = {arXiv},
	eprint = {0709.2938},
	title = {Near linear time algorithm to detect community structures in large-scale networks},
	author = {{Raghavan}, U.~N. and {Albert}, R. and {Kumara}, S.},
	journal = {Phys. Rev. E 76},
	year = {2007}
}
@article{leung,
	archivePrefix = {arXiv},
	eprint = {0808.2633},
	title = {Towards real-time community detection in large networks},
	author = {{Leung}, I.~X.~Y. and {Hui}, P. and {Li{\`o}}, P. and {Crowcroft}, J.},
	journal = {Phys. Rev. E 79},
	year = {2009}
}
@article{girvan,
	archivePrefix = {arXiv},
	eprint = {cond-mat/0308217},
	title = {Finding and evaluating community structure in networks},
	author = {{Newman}, M.~E. and {Girvan}, M.},
	journal = {Phys. Rev. E 69},
	year = {2004}
}
@online{gephiMarkov,
	title = {Gephi Marketplace: Markov Cluster Algorithm (MCL)},
	urldate = {2015-12-02},
	url = {https://marketplace.gephi.org/plugin/markov-cluster-algorithm-mcl/}
}
@online{leungGraphstream,
	title = {Graphstream Project: Epidemic Label Propagation Algorithm},
	urldate = {2015-12-02},
	url = {http://graphstream-project.org/}
}
@online{leungGraphstream,
	title = {Gephi Marketplace: Girvan Newman Clustering},
	urldate = {2015-12-02},
	url = {https://marketplace.gephi.org/plugin/girvan-newman-clustering/}
}

